<?xml version="1.0" encoding="UTF-8" ?><marc:collection xmlns:marc="http://www.loc.gov/MARC21/slim" xmlns:xsi="http://www.w3.org/2001/XMLSchema-instance" xsi:schemaLocation="http://www.loc.gov/MARC21/slim http://www.loc.gov/standards/marcxml/schema/MARC21slim.xsd">
<marc:record><marc:leader>04113cam a2200505Ii 4500</marc:leader>
<marc:controlfield tag="001">b13112223</marc:controlfield>
<marc:controlfield tag="003">UaCaAUL</marc:controlfield><marc:controlfield tag="005">20190219124148.0</marc:controlfield><marc:controlfield tag="008">910116s1906    ua       d    000 0 araod</marc:controlfield><marc:datafield tag="035" ind1=" " ind2=" "><marc:subfield code="a">(OCoLC)22968212</marc:subfield></marc:datafield><marc:datafield tag="040" ind1=" " ind2=" "><marc:subfield code="a">CLE</marc:subfield><marc:subfield code="b">eng</marc:subfield><marc:subfield code="e">rda</marc:subfield><marc:subfield code="c">CLE</marc:subfield><marc:subfield code="d">OCLCQ</marc:subfield><marc:subfield code="d">OCLCG</marc:subfield><marc:subfield code="d">OCLCQ</marc:subfield><marc:subfield code="d">OCLCF</marc:subfield><marc:subfield code="d">OCLCQ</marc:subfield><marc:subfield code="d">OCLCO</marc:subfield><marc:subfield code="d">MEAUC</marc:subfield></marc:datafield><marc:datafield tag="050" ind1=" " ind2="4"><marc:subfield code="a">PJ6051</marc:subfield><marc:subfield code="b">.Q3 1906</marc:subfield></marc:datafield><marc:datafield tag="066" ind1=" " ind2=" "><marc:subfield code="c">(3</marc:subfield></marc:datafield><marc:datafield tag="090" ind1=" " ind2=" "><marc:subfield code="a">PJ6051</marc:subfield><marc:subfield code="b">.Q3 1906</marc:subfield></marc:datafield><marc:datafield tag="100" ind1="1" ind2=" "><marc:subfield code="6">880-01</marc:subfield><marc:subfield code="a">Qālī, Abū ʻAlī Ismāʻīl ibn al-Qāsim,</marc:subfield><marc:subfield code="d">901?-967?</marc:subfield></marc:datafield><marc:datafield tag="240" ind1="1" ind2="0"><marc:subfield code="6">880-02</marc:subfield><marc:subfield code="a">Amālī.</marc:subfield></marc:datafield><marc:datafield tag="245" ind1="1" ind2="3"><marc:subfield code="6">880-03</marc:subfield><marc:subfield code="a">al-Juzʼ al-awwal[-al-thānī] min kitāb al-amālī :</marc:subfield><marc:subfield code="b">fī lughat al-ʻArab /</marc:subfield><marc:subfield code="c">taʼlīf al-imām al-kabīr al-lughawī al-naḥwī al-shahīr Abī ʻAlī Ismaʻīl ibn al-Qāsim al-Qālī al-Baghdādī, nafaʻa Allāh bihi āmīn. Wa-yatlūhu in shāʼa Allāh taʻālá al-kitāb al-musammá Dhayl al-amālī wa-al-nawādir, lil-muʼallif al-madhkūr.</marc:subfield></marc:datafield><marc:datafield tag="246" ind1="3" ind2="0"><marc:subfield code="6">880-04</marc:subfield><marc:subfield code="a">Kitāb al-amālī.</marc:subfield></marc:datafield><marc:datafield tag="246" ind1="3" ind2=" "><marc:subfield code="a">Amālī.</marc:subfield></marc:datafield><marc:datafield tag="250" ind1=" " ind2=" "><marc:subfield code="6">880-05</marc:subfield><marc:subfield code="a">al-Ṭabʻah al-ūlá.</marc:subfield></marc:datafield><marc:datafield tag="264" ind1=" " ind2="1"><marc:subfield code="6">880-06</marc:subfield><marc:subfield code="a">Būlāq Miṣr, [Cairo] :</marc:subfield><marc:subfield code="b">Al-Maṭbaʻah al-Kubrá al-Amīrīyahbi-Būlāq Miṣr al-mḥmīyah,</marc:subfield><marc:subfield code="c">1324 Hijrīyah [1906]</marc:subfield></marc:datafield><marc:datafield tag="300" ind1=" " ind2=" "><marc:subfield code="a">3 volumes in 1 ;</marc:subfield><marc:subfield code="c">25 cm.</marc:subfield></marc:datafield><marc:datafield tag="336" ind1=" " ind2=" "><marc:subfield code="a">text</marc:subfield><marc:subfield code="b">txt</marc:subfield><marc:subfield code="2">rdacontent.</marc:subfield></marc:datafield><marc:datafield tag="337" ind1=" " ind2=" "><marc:subfield code="a">unmediated</marc:subfield><marc:subfield code="b">n</marc:subfield><marc:subfield code="2">rdamedia.</marc:subfield></marc:datafield><marc:datafield tag="338" ind1=" " ind2=" "><marc:subfield code="a">volume</marc:subfield><marc:subfield code="b">nc</marc:subfield><marc:subfield code="2">rdacarrier.</marc:subfield></marc:datafield><marc:datafield tag="500" ind1=" " ind2=" "><marc:subfield code="6">880-07</marc:subfield><marc:subfield code="a">The first two volumes comprise: Kitāb al-amālī ; the third part: Dhayl al-amālī wa-al-nawādir.</marc:subfield></marc:datafield><marc:datafield tag="500" ind1=" " ind2=" "><marc:subfield code="a">On the title page: biographical note on the author taken from Ibn Khaldūn.</marc:subfield></marc:datafield><marc:datafield tag="500" ind1=" " ind2=" "><marc:subfield code="6">880-08</marc:subfield><marc:subfield code="a">Ṭubiʻa ʻalá nafaqat al-shaykh Ismaʻīl Ibn Yūsuf Ibn Ṣāliḥ Ibn Diyāb al-Tūnisī bi-Miṣr.</marc:subfield></marc:datafield><marc:datafield tag="500" ind1=" " ind2=" "><marc:subfield code="6">880-09</marc:subfield><marc:subfield code="a">Tanbīh: Lā yajūz li-aḥad an yaṭbaʻ kitāb al-Amālī min hādhihi al-nuskhah wa-kull man yaṭbaʻahā yakūn mukallafan bi-ibrāz aṣl qadīm yuthbit annahu ṭabaʻa minhu wa-ilā yakūn masʼul ʻan al-taʻwīḍ qānūnan wa-qadd sujjilat hādhihi al-nuskhah bi-al-Maḥkamah al-Mukhtalaṭah bi-Miṣr, Ismaʻīl Ibn Yūsuf Ibn Diyāb.</marc:subfield></marc:datafield><marc:datafield tag="650" ind1=" " ind2="0"><marc:subfield code="a">Arabic philology.</marc:subfield></marc:datafield><marc:datafield tag="700" ind1="1" ind2="2"><marc:subfield code="6">880-10</marc:subfield><marc:subfield code="a">Qālī, Abū ʻAlī Ismāʻīl ibn al-Qāsim,</marc:subfield><marc:subfield code="d">901?-967?</marc:subfield><marc:subfield code="t">Dhayl al-amālī wa-al-nawādir.</marc:subfield></marc:datafield><marc:datafield tag="880" ind1="1" ind2=" "><marc:subfield code="6">100-01/(3/r</marc:subfield><marc:subfield code="a">قالي، أبو علي اسماعيل بن القاسم..</marc:subfield></marc:datafield><marc:datafield tag="880" ind1="1" ind2="0"><marc:subfield code="6">240-02/(3/r</marc:subfield><marc:subfield code="a">أمالي.</marc:subfield></marc:datafield><marc:datafield tag="880" ind1="1" ind2="2"><marc:subfield code="6">245-03/(3/r</marc:subfield><marc:subfield code="a">الجزء الأول[-الثاني] من كتاب الأمالي :‪</marc:subfield><marc:subfield code="b">في لغة العرب /‪</marc:subfield><marc:subfield code="c">تأليف الامام الكبير اللغوي النحوي الشهير ابي علي اسمعيل بن القاسم القالي البغدادي، نفع الله به آمين ؛ ويتلوه ان شاء الله تعالى الكتاب المسمى ذيل الامالي والنوادر، للمؤلف المذكور..</marc:subfield></marc:datafield><marc:datafield tag="880" ind1=" " ind2=" "><marc:subfield code="6">500-07/(3/r</marc:subfield><marc:subfield code="a">The first two volumes comprise: كتاب الأمالي ؛ the third part: ذيل الأمالي والنوادر..</marc:subfield></marc:datafield><marc:datafield tag="880" ind1="3" ind2="0"><marc:subfield code="6">246-04/(3/r</marc:subfield><marc:subfield code="a">كتاب الامالي.</marc:subfield></marc:datafield><marc:datafield tag="880" ind1=" " ind2=" "><marc:subfield code="6">250-05/(3/r</marc:subfield><marc:subfield code="a">الطبعة الأولى..</marc:subfield></marc:datafield><marc:datafield tag="880" ind1=" " ind2="1"><marc:subfield code="6">264-06/(3/r</marc:subfield><marc:subfield code="a">بولاق مصر، [Cairo] :‪</marc:subfield><marc:subfield code="b">المطبعة الكبرى الأميريةببولاق مصر المحمية،‪</marc:subfield><marc:subfield code="c">1324 هجرية [1906]</marc:subfield></marc:datafield><marc:datafield tag="880" ind1=" " ind2=" "><marc:subfield code="6">500-08/(3/r</marc:subfield><marc:subfield code="a">طبع على نفقة الشيخ اسمعيل بن يوسف بن صالح بن دياب التونسي بمصر..</marc:subfield></marc:datafield><marc:datafield tag="880" ind1=" " ind2=" "><marc:subfield code="6">500-09/(3/r</marc:subfield><marc:subfield code="a">تنبيه: لا يجوز لأحد أن يطبع كتاب الأمالي من هذه النسخة وكل من يطبعها يكون مكلفا بابراز أصل قديم يثبت أنه طبع منه والا يكون مسؤلا عن التعويض قانونا وقد سجلت هذه النسخة بالمحكمة المختلطة بمصر، اسمعيل بن يوسف بن دياب..</marc:subfield></marc:datafield><marc:datafield tag="880" ind1="1" ind2="2"><marc:subfield code="6">700-10/(3/r</marc:subfield><marc:subfield code="a">قالي، أبو علي اسماعيل بن القاسم،‪</marc:subfield><marc:subfield code="d">901؟-967؟‪</marc:subfield><marc:subfield code="t">ذيل الأمالي والنوادر..</marc:subfield></marc:datafield><marc:datafield tag="907" ind1=" " ind2=" "><marc:subfield code="a">.b13112223</marc:subfield><marc:subfield code="b">main </marc:subfield></marc:datafield><marc:datafield tag="902" ind1=" " ind2=" "><marc:subfield code="a">190317</marc:subfield></marc:datafield><marc:datafield tag="998" ind1=" " ind2=" "><marc:subfield code="b">1</marc:subfield><marc:subfield code="c">040523</marc:subfield><marc:subfield code="d">m</marc:subfield><marc:subfield code="e">a</marc:subfield><marc:subfield code="f">-</marc:subfield><marc:subfield code="g">3</marc:subfield><marc:subfield code="k">TA</marc:subfield></marc:datafield><marc:datafield tag="945" ind1=" " ind2=" "><marc:subfield code="l">main </marc:subfield></marc:datafield></marc:record>
</marc:collection>
